@article{song2010dnase,
  title={DNase-seq: a high-resolution technique for mapping active gene regulatory elements across the genome from mammalian cells},
  author={Song, Lingyun and Crawford, Gregory E},
  journal={Cold Spring Harbor Protocols},
  volume={2010},
  number={2},
  pages={pdb--prot5384},
  year={2010},
  publisher={Cold Spring Harbor Laboratory Press}
}

@article{cortes1995support,
  title={Support-vector networks},
  author={Cortes, Corinna and Vapnik, Vladimir},
  journal={Machine learning},
  volume={20},
  number={3},
  pages={273--297},
  year={1995},
  publisher={Springer}
}

@article{eraslan2019deep,
  title={Deep learning: new computational modelling techniques for genomics},
  author={Eraslan, G{\"o}kcen and Avsec, {\v{Z}}iga and Gagneur, Julien and Theis, Fabian J},
  journal={Nature Reviews Genetics},
  volume={20},
  number={7},
  pages={389--403},
  year={2019},
  publisher={Nature Publishing Group}
}
@article{clauwaert2021explainability,
  title={Explainability in transformer models for functional genomics},
  author={Clauwaert, Jim and Menschaert, Gerben and Waegeman, Willem},
  journal={Briefings in bioinformatics},
  volume={22},
  number={5},
  pages={bbab060},
  year={2021},
  publisher={Oxford University Press}
}


@article{horton1992assessment,
  title={An assessment of neural network and statistical approaches for prediction of E. coli promoter sites},
  author={Horton, Paul B and Kanehisa, Minoru},
  journal={Nucleic Acids Research},
  volume={20},
  number={16},
  pages={4331--4338},
  year={1992},
  publisher={Oxford University Press}
}

@article{dai2019transformer,
  title={Transformer-xl: Attentive language models beyond a fixed-length context},
  author={Dai, Zihang and Yang, Zhilin and Yang, Yiming and Carbonell, Jaime and Le, Quoc V and Salakhutdinov, Ruslan},
  journal={arXiv preprint arXiv:1901.02860},
  year={2019}
}

@article{chen2021deepcape,
  title={DeepCAPE: a deep convolutional neural network for the accurate prediction of enhancers},
  author={Chen, Shengquan and Gan, Mingxin and Lv, Hairong and Jiang, Rui},
  journal={Genomics, proteomics \& bioinformatics},
  volume={19},
  number={4},
  pages={565--577},
  year={2021},
  publisher={Elsevier}
}


@article{whalen2022navigating,
  title={Navigating the pitfalls of applying machine learning in genomics},
  author={Whalen, Sean and Schreiber, Jacob and Noble, William S and Pollard, Katherine S},
  journal={Nature Reviews Genetics},
  volume={23},
  number={3},
  pages={169--181},
  year={2022},
  publisher={Nature Publishing Group}
}

@article{park2009chip,
  title={ChIP--seq: advantages and challenges of a maturing technology},
  author={Park, Peter J},
  journal={Nature reviews genetics},
  volume={10},
  number={10},
  pages={669--680},
  year={2009},
  publisher={Nature Publishing Group}
}


@article{buenrostro2015atac,
  title={ATAC-seq: a method for assaying chromatin accessibility genome-wide},
  author={Buenrostro, Jason D and Wu, Beijing and Chang, Howard Y and Greenleaf, William J},
  journal={Current protocols in molecular biology},
  volume={109},
  number={1},
  pages={21--29},
  year={2015},
  publisher={Wiley Online Library}
}